@book{descms,
	author = {Thomas E. Payne},
	title = {Describing Morphosyntax},
	subtitle = {A Guide for Field Linguists},
	date = {2006},
	publisher = {Cambridge University Press},
	location = {Cambridge, United Kingdom},
	isbn = {0-521-58805-7},
	url = {http://www.cambridge.org/vi/academic/subjects/languages-linguistics/grammar-and-syntax/describing-morphosyntax-guide-field-linguists},
}

@book{mrlck,
	author = {Mark Rosenfelder},
	title = {The Language Construction Kit},
	date = {2010},
	publisher = {Yonagu Books},
	location = {Chicago, Illinois, United States of America},
	isbn = {978-0-9844700-0-6},
	url = {https://www.zompist.com/lckbook.html},
}

@book{mralck,
	author = {Mark Rosenfelder},
	title = {Advanced Language Construction},
	date = {2012},
	publisher = {Yonagu Books},
	location = {Chicago, Illinois, United States of America},
	isbn = {978-1478267539},
	url = {https://www.zompist.com/lck2.html},
}

@book{mrcl,
	author = {Mark Rosenfelder},
	title = {The Conlanger's Lexipedia},
	date = {2013},
	publisher = {Yonagu Books},
	location = {Chicago, Illinois, United States of America},
	isbn = {1493733001},
	url = {https://www.zompist.com/lexipedia.html},
}

@book{djpali,
	author = {David J. Peterson},
	title = {The Art of Language Invention},
	date = {2015},
	subtitle = {From Horse-Lords to Dark Elves, the Words Behind World-Building},
	publisher = {Penguin Books},
	location = {New York, New York, United States of America},
	isbn = {978-0-14-312646-1},
	url = {http://www.artoflanguageinvention.com/books/},
}

@online{wsact,
	author = {William S. Annis},
	title = {A Conlanger's Thesaurus},
	date = {2014-09-01},
	url = {http://fiatlingua.org/2014/09/},
	urldate = {2018-09-08},
	organization = {Fiat Lingua},
}

@online{ayeri,
	author = {Carsten Becker},
	title = {A Grammar of Ayeri},
	subtitle = {Documenting a Fictional Language},
	url = {https://github.com/carbeck/ayerigrammar},
	urldate = {2018-11-25},
}

@online{okuna,
	author = {Matt Pearson},
	title = {The Okuna Reference Grammar},
	version = {3},
	url = {http://pearson.conlang.org/},
	urldate = {2018-09-08},
}

@incollection{wals-1,
	address   = {Leipzig},
	author    = {Ian Maddieson},
	booktitle = {The World Atlas of Language Structures Online},
	editor    = {Matthew S. Dryer and Martin Haspelmath},
	publisher = {Max Planck Institute for Evolutionary Anthropology},
	title     = {Consonant Inventories},
	url       = {http://wals.info/chapter/1},
	year      = {2013}
}

@incollection{wals-2,
	address   = {Leipzig},
	author    = {Ian Maddieson},
	booktitle = {The World Atlas of Language Structures Online},
	editor    = {Matthew S. Dryer and Martin Haspelmath},
	publisher = {Max Planck Institute for Evolutionary Anthropology},
	title     = {Vowel Quality Inventories},
	url       = {http://wals.info/chapter/2},
	year      = {2013}
}

@incollection{wals-3,
	address   = {Leipzig},
	author    = {Ian Maddieson},
	booktitle = {The World Atlas of Language Structures Online},
	editor    = {Matthew S. Dryer and Martin Haspelmath},
	publisher = {Max Planck Institute for Evolutionary Anthropology},
	title     = {Consonant-Vowel Ratio},
	url       = {http://wals.info/chapter/3},
	year      = {2013}
}

@incollection{wals-12,
	address   = {Leipzig},
	author    = {Ian Maddieson},
	booktitle = {The World Atlas of Language Structures Online},
	editor    = {Matthew S. Dryer and Martin Haspelmath},
	publisher = {Max Planck Institute for Evolutionary Anthropology},
	title     = {Syllable Structure},
	url       = {http://wals.info/chapter/12},
	year      = {2013}
}

@incollection{wals-13,
	address   = {Leipzig},
	author    = {Ian Maddieson},
	booktitle = {The World Atlas of Language Structures Online},
	editor    = {Matthew S. Dryer and Martin Haspelmath},
	publisher = {Max Planck Institute for Evolutionary Anthropology},
	title     = {Tone},
	url       = {http://wals.info/chapter/13},
	year      = {2013}
}

@incollection{wals-14,
	address   = {Leipzig},
	author    = {Rob Goedemans and Harry van der Hulst},
	booktitle = {The World Atlas of Language Structures Online},
	editor    = {Matthew S. Dryer and Martin Haspelmath},
	publisher = {Max Planck Institute for Evolutionary Anthropology},
	title     = {Fixed Stress Locations},
	url       = {http://wals.info/chapter/14},
	year      = {2013}
}

@incollection{wals-16,
	address   = {Leipzig},
	author    = {Rob Goedemans and Harry van der Hulst},
	booktitle = {The World Atlas of Language Structures Online},
	editor    = {Matthew S. Dryer and Martin Haspelmath},
	publisher = {Max Planck Institute for Evolutionary Anthropology},
	title     = {Weight Factors in Weight-Sensitive Stress Systems},
	url       = {http://wals.info/chapter/16},
	year      = {2013}
}

@incollection{wals-17,
	address   = {Leipzig},
	author    = {Rob Goedemans and Harry van der Hulst},
	booktitle = {The World Atlas of Language Structures Online},
	editor    = {Matthew S. Dryer and Martin Haspelmath},
	publisher = {Max Planck Institute for Evolutionary Anthropology},
	title     = {Rhythm Types},
	url       = {http://wals.info/chapter/17},
	year      = {2013}
}

@incollection{wals-20,
	address   = {Leipzig},
	author    = {Balthasar Bickel and Johanna Nichols},
	booktitle = {The World Atlas of Language Structures Online},
	editor    = {Matthew S. Dryer and Martin Haspelmath},
	publisher = {Max Planck Institute for Evolutionary Anthropology},
	title     = {Fusion of Selected Inflectional Formatives},
	url       = {http://wals.info/chapter/20},
	year      = {2013}
}

@incollection{wals-21,
	address   = {Leipzig},
	author    = {Balthasar Bickel and Johanna Nichols},
	booktitle = {The World Atlas of Language Structures Online},
	editor    = {Matthew S. Dryer and Martin Haspelmath},
	publisher = {Max Planck Institute for Evolutionary Anthropology},
	title     = {Exponence of Selected Inflectional Formatives},
	url       = {http://wals.info/chapter/21},
	year      = {2013}
}

@incollection{wals-22,
	address   = {Leipzig},
	author    = {Balthasar Bickel and Johanna Nichols},
	booktitle = {The World Atlas of Language Structures Online},
	editor    = {Matthew S. Dryer and Martin Haspelmath},
	publisher = {Max Planck Institute for Evolutionary Anthropology},
	title     = {Inflectional Synthesis of the Verb},
	url       = {http://wals.info/chapter/22},
	year      = {2013}
}

@incollection{wals-23,
	address   = {Leipzig},
	author    = {Johanna Nichols and Balthasar Bickel},
	booktitle = {The World Atlas of Language Structures Online},
	editor    = {Matthew S. Dryer and Martin Haspelmath},
	publisher = {Max Planck Institute for Evolutionary Anthropology},
	title     = {Locus of Marking in the Clause},
	url       = {http://wals.info/chapter/23},
	year      = {2013}
}

@incollection{wals-24,
	address   = {Leipzig},
	author    = {Johanna Nichols and Balthasar Bickel},
	booktitle = {The World Atlas of Language Structures Online},
	editor    = {Matthew S. Dryer and Martin Haspelmath},
	publisher = {Max Planck Institute for Evolutionary Anthropology},
	title     = {Locus of Marking in Possessive Noun Phrases},
	url       = {http://wals.info/chapter/24},
	year      = {2013}
}

@incollection{wals-25,
	address   = {Leipzig},
	author    = {Johanna Nichols and Balthasar Bickel},
	booktitle = {The World Atlas of Language Structures Online},
	editor    = {Matthew S. Dryer and Martin Haspelmath},
	publisher = {Max Planck Institute for Evolutionary Anthropology},
	title     = {Locus of Marking: Whole-language Typology},
	url       = {http://wals.info/chapter/25},
	year      = {2013}
}

@incollection{wals-26,
	address   = {Leipzig},
	author    = {Matthew S. Dryer},
	booktitle = {The World Atlas of Language Structures Online},
	editor    = {Matthew S. Dryer and Martin Haspelmath},
	publisher = {Max Planck Institute for Evolutionary Anthropology},
	title     = {Prefixing vs. Suffixing in Inflectional Morphology},
	url       = {http://wals.info/chapter/26},
	year      = {2013}
}

@incollection{wals-27,
	address   = {Leipzig},
	author    = {Carl Rubino},
	booktitle = {The World Atlas of Language Structures Online},
	editor    = {Matthew S. Dryer and Martin Haspelmath},
	publisher = {Max Planck Institute for Evolutionary Anthropology},
	title     = {Reduplication},
	url       = {http://wals.info/chapter/27},
	year      = {2013}
}

@incollection{wals-28,
	address   = {Leipzig},
	author    = {Matthew Baerman and Dunstan Brown},
	booktitle = {The World Atlas of Language Structures Online},
	editor    = {Matthew S. Dryer and Martin Haspelmath},
	publisher = {Max Planck Institute for Evolutionary Anthropology},
	title     = {Case Syncretism},
	url       = {http://wals.info/chapter/28},
	year      = {2013}
}

@incollection{wals-29,
	address   = {Leipzig},
	author    = {Matthew Baerman and Dunstan Brown},
	booktitle = {The World Atlas of Language Structures Online},
	editor    = {Matthew S. Dryer and Martin Haspelmath},
	publisher = {Max Planck Institute for Evolutionary Anthropology},
	title     = {Syncretism in Verbal Person/Number Marking},
	url       = {http://wals.info/chapter/29},
	year      = {2013}
}

@incollection{wals-30,
	address   = {Leipzig},
	author    = {Greville G. Corbett},
	booktitle = {The World Atlas of Language Structures Online},
	editor    = {Matthew S. Dryer and Martin Haspelmath},
	publisher = {Max Planck Institute for Evolutionary Anthropology},
	title     = {Number of Genders},
	url       = {http://wals.info/chapter/30},
	year      = {2013}
}

@incollection{wals-31,
	address   = {Leipzig},
	author    = {Greville G. Corbett},
	booktitle = {The World Atlas of Language Structures Online},
	editor    = {Matthew S. Dryer and Martin Haspelmath},
	publisher = {Max Planck Institute for Evolutionary Anthropology},
	title     = {Sex-based and Non-sex-based Gender Systems},
	url       = {https://wals.info/chapter/31},
	year      = {2013}
}

@incollection{wals-32,
	address   = {Leipzig},
	author    = {Greville G. Corbett},
	booktitle = {The World Atlas of Language Structures Online},
	editor    = {Matthew S. Dryer and Martin Haspelmath},
	publisher = {Max Planck Institute for Evolutionary Anthropology},
	title     = {Systems of Gender Assignment},
	url       = {https://wals.info/chapter/32},
	year      = {2013}
}

@incollection{wals-33,
	address   = {Leipzig},
	author    = {Matthew S. Dryer},
	booktitle = {The World Atlas of Language Structures Online},
	editor    = {Matthew S. Dryer and Martin Haspelmath},
	publisher = {Max Planck Institute for Evolutionary Anthropology},
	title     = {Coding of Nominal Plurality},
	url       = {https://wals.info/chapter/33},
	year      = {2013}
}

@incollection{wals-34,
	address   = {Leipzig},
	author    = {Martin Haspelmath},
	booktitle = {The World Atlas of Language Structures Online},
	editor    = {Matthew S. Dryer and Martin Haspelmath},
	publisher = {Max Planck Institute for Evolutionary Anthropology},
	title     = {Occurrence of Nominal Plurality},
	url       = {https://wals.info/chapter/34},
	year      = {2013}
}

@incollection{wals-36,
	address   = {Leipzig},
	author    = {Michael Daniel and Edith Moravcsik},
	booktitle = {The World Atlas of Language Structures Online},
	editor    = {Matthew S. Dryer and Martin Haspelmath},
	publisher = {Max Planck Institute for Evolutionary Anthropology},
	title     = {The Associative Plural},
	url       = {https://wals.info/chapter/36},
	year      = {2013}
}

@incollection{wals-59,
	address   = {Leipzig},
	author    = {Johanna Nichols and Balthasar Bickel},
	booktitle = {The World Atlas of Language Structures Online},
	editor    = {Matthew S. Dryer and Martin Haspelmath},
	publisher = {Max Planck Institute for Evolutionary Anthropology},
	title     = {Possessive Classification},
	url       = {http://wals.info/chapter/59},
	year      = {2013}
}

@incollection{wals-141,
	address   = {Leipzig},
	author    = {Bernard Comrie},
	booktitle = {The World Atlas of Language Structures Online},
	editor    = {Matthew S. Dryer and Martin Haspelmath},
	publisher = {Max Planck Institute for Evolutionary Anthropology},
	title     = {Writing Systems},
	url       = {http://wals.info/chapter/141},
	year      = {2013}
}

@article{Plank-1999,
	author     = {Frans Plank},
	journal    = {Linguistic Typology},
	pages      = {279–340},
	title      = {Split Morphology: how Agglutination and Flexion Mix},
	volume     = {3},
	year       = {1999},
}

@incollection{Bickel-and-Nichols-2005,
	address    = {Cambridge},
	author     = {Balthasar Bickel and Johanna Nichols},
	booktitle  = {Language Typology and Syntactic Description},
	editor     = {Timothy Shopen},
	note       = {2nd edition},
	publisher  = {Cambridge University Press},
	title      = {Inflectional Morphology},
	year       = {2005},
}

@article{Zwicky-and-pullum-1983,
	author = {Arnold M. Zwicky and Geoffrey K. Pullum},
	title = {Cliticization vs. Inflection: English N'T},
	journaltitle = {Language},
	date = {1983},
	volume = {59},
	number = {3},
	pages = {503-505},
	url = {https://web.stanford.edu/~zwicky/ZPCliticsInfl.pdf},
	urldate = {2018-11-25},
}

@article{Zwicky-1985,
	author = {Arnold M. Zwicky},
	title = {Clitics and Particles},
	journaltitle = {Language},
	date = {1985},
	volume = {61},
	number = {2},
	pages = {286-290},
	url = {http://babel.ucsc.edu/~hank/mrg.readings/zwicky1985.pdf},
	urldate = {2018-11-25},
}

@inbook{spencer-luis-2012,
	author = {Andrew Spencer and Ana Luís},
	title = {The Canonical Clitic},
	booktitle = {Canonical Morphology and Syntax},
	date = {2012},
	bookauthor = {Brown, Dunstan and Chumakina, Marina and Corbett, Greville G.},
	isbn = {9780199604326},
	chapter = {6},
	pages = {123-150},
	doi = {10.1093/acprof:oso/9780199604326.001.0001},
	url = {https://www.academia.edu/4379177/The_canonical_clitic_With_Ana_Lu%C3%ADs_},
	urldate = {2018-11-25},
}
